@article{wilhelmi2017implications,
	title={Implications of Decentralized Q-learning Resource Allocation in Wireless Networks},
	author={Wilhelmi, Francesc and Bellalta, Boris and Cano, Cristina and Jonsson, Anders},
	journal={arXiv preprint arXiv:1705.10508},
	year={2017}
}

@article{bellalta2017throughput,
	title={Throughput Analysis in High Density WLANs},
	author={Bellalta, Boris},
	journal={IEEE Communications Letters},
	volume={21},
	number={3},
	pages={592--595},
	year={2017},
	publisher={IEEE}
}

@article{wilhelmi2017collaborative,
	title={Collaborative Spatial Reuse in Wireless Networks via Selfish Bandits},
	author={Wilhelmi, Francesc and Bellalta, Boris and Cano, Cristina, Jonsson, Anders, Neu, Gergely and Barrachina, Sergio},
	journal={arXiv preprint arXiv:1705.10508},
	year={2017}
}

@incollection{bellalta2014throughput,
	title={Throughput analysis in CSMA/CA networks using continuous time Markov networks: a tutorial},
	author={Bellalta, Boris and Zocca, Alessandro and Cano, Cristina and Checco, Alessandro and Barcelo, Jaume and Vinel, Alexey},
	booktitle={Wireless Networking for Moving Objects},
	pages={115--133},
	year={2014},
	publisher={Springer}
}

@article{barrachina2017dynamic,
	title={Dynamic Spectrum Access in High-density {WLANs}},
	author={Barrachina-Mu\~noz, Sergio, Bellalta, Boris and Wilhelmi, Francesc},
	year={2017}
}

@article{hata1980empirical,
	title={Empirical formula for propagation loss in land mobile radio services},
	author={Hata, Masaharu},
	journal={IEEE transactions on Vehicular Technology},
	volume={29},
	number={3},
	pages={317--325},
	year={1980},
	publisher={IEEE}
}

@article{maghsudi2015joint,
	title={Joint channel selection and power control in infrastructureless wireless networks: A multiplayer multiarmed bandit framework},
	author={Maghsudi, Setareh and Sta{\'n}czak, S{\l}awomir},
	journal={IEEE Transactions on Vehicular Technology},
	volume={64},
	number={10},
	pages={4565--4578},
	year={2015},
	publisher={IEEE}
}

@article{maghsudi2015channel,
	title={Channel selection for network-assisted D2D communication via no-regret bandit learning with calibrated forecastingtre},
	author={Maghsudi, Setareh and Sta{\'n}czak, S{\l}awomir},
	journal={IEEE Transactions on Wireless Communications},
	volume={14},
	number={3},
	pages={1309--1322},
	year={2015},
	publisher={IEEE}
}

@article{bellalta2016ieee,
	title={IEEE 802.11 ax: High-efficiency WLANs},
	author={Bellalta, Boris},
	journal={IEEE Wireless Communications},
	volume={23},
	number={1},
	pages={38--46},
	year={2016},
	publisher={IEEE}
}

@draft{tgax2017draft,
	title={{IEEE} P802.11ax/D2.0},
	year={November 2017},
	pages={1-596}
}

@inproceedings{chen2002reusing,
	title={{Reusing simulation components: cost: a component-oriented discrete event simulator}},
	author={Chen, G. and Szymanski, B. K.},
	booktitle={Proceedings of the 34th conference on Winter simulation: exploring new frontiers},
	pages={776--782},
	year={2002},
	organization={Winter Simulation Conference}
}

@misc{barrachina2017komondor,
	author = {Barrachina-Mu\~noz, Sergio and Wilhelmi, Francesc},
	title = {Komondor: An {IEEE} 802.11ax Simulator},
	year = {2017},
	publisher = {GitHub},
	journal = {GitHub repository},
	howpublished = {\url{https://github.com/wn-upf/Komondor}},
	commit = {fd5dbc6d6423f78523a392fc84baf2f9cdc1b4c1}
}

@article{bianchi2000performance,
	title={Performance analysis of the IEEE 802.11 distributed coordination function},
	author={Bianchi, Giuseppe},
	journal={IEEE Journal on selected areas in communications},
	volume={18},
	number={3},
	pages={535--547},
	year={2000},
	publisher={IEEE}
}

@article{wilhelmi2018potential,
  title={Potential and Pitfalls of Multi-Armed Bandits for Decentralized Spatial Reuse in WLANs},
  author={Wilhelmi, Francesc and Barrachina-Mu{\~n}oz, Sergio and Cano, Cristina and Bellalta, Boris and Jonsson, Anders and Neu, Gergely},
  journal={arXiv preprint arXiv:1805.11083},
  year={2018}
}

@article{auer2002finite,
	title={Finite-time analysis of the multiarmed bandit problem},
	author={Auer, Peter and Cesa-Bianchi, Nicol\'o and Fischer, Paul},
	journal={Machine learning},
	volume={47},
	number={2-3},
	pages={235--256},
	year={2002},
	publisher={Springer}
}

@article{thompson1933likelihood,
	title={On the likelihood that one unknown probability exceeds another in view of the evidence of two samples},
	author={Thompson, William R},
	journal={Biometrika},
	volume={25},
	number={3/4},
	pages={285--294},
	year={1933},
	publisher={JSTOR}
}

@book{sutton1998reinforcement,
	title={Reinforcement learning: An introduction},
	author={Sutton, Richard S and Barto, Andrew G},
	volume={1},
	number={1},
	year={1998},
	publisher={MIT press Cambridge}
}